<?xml version="1.0" encoding="UTF-8"?><record xmlns="http://www.loc.gov/MARC21/slim" xmlns:cinclude="http://apache.org/cocoon/include/1.0" xmlns:zs="http://www.loc.gov/zing/srw/">
  <leader>00525nz  a2200157n  4500</leader>
  <controlfield tag="001">n 2005051526</controlfield>
  <controlfield tag="003">DLC</controlfield>
  <controlfield tag="005">20050714085612.0</controlfield>
  <controlfield tag="008">050714n| acannaabn          |a aaa      </controlfield>
  <datafield tag="010" ind1=" " ind2=" ">
    <subfield code="a">n 2005051526</subfield>
  </datafield>
  <datafield tag="040" ind1=" " ind2=" ">
    <subfield code="a">DLC</subfield>
    <subfield code="b">eng</subfield>
    <subfield code="c">DLC</subfield>
  </datafield>
  <datafield tag="100" ind1="1" ind2=" ">
    <subfield code="a">Yazlī, ʻAmmār,</subfield>
    <subfield code="d">1955-</subfield>
  </datafield>
  <datafield tag="400" ind1="1" ind2=" ">
    <subfield code="a">Yezli, Ammar,</subfield>
    <subfield code="d">1955-</subfield>
  </datafield>
  <datafield tag="400" ind1="1" ind2=" ">
    <subfield code="a">Yezli, Amar,</subfield>
    <subfield code="d">1955-</subfield>
  </datafield>
  <datafield tag="670" ind1=" " ind2=" ">
    <subfield code="a">Diversité interdite, 2002:</subfield>
    <subfield code="b">t.p. (Ammar Yezli) cover (Amar Yezli) p. 4 of cover (b. 1955 in Tlemcen, Algeria)</subfield>
  </datafield>
  <datafield tag="670" ind1=" " ind2=" ">
    <subfield code="a">RLIN database, 14 July 2005:</subfield>
    <subfield code="b">(hdg.: Yazlī, ʻAmmār)</subfield>
  </datafield>
</record>